
@InProceedings{hammond_converse_91,
  author = 	 {K. J. Hammond and T. M. Converse},
  title = 	 {Stabilizing Environments to Facilitate Planning and Activity: An Engineering Argument},
  OPTcrossref =  {},
  OPTkey = 	 {},
  booktitle = {Proceedings of the 9th National Conference on Artificial Intelligence (AAAI)},
  pages = 	 {787-793},
  year = 	 {1991},
  OPTnote = 	 {},
  OPTannote = 	 {}
}

@Book{sutton_barto_RL,
  author =       {R. S. Sutton and A. G. Barto},
  OPTauthor =       {Richard S. Sutton and Andrew G. Barto},
  title =        {Reinforcement Learning: An introduction},
  publisher =    {The MIT Press},
  year =         {1998},
}

@Book{bertsekas_tsitsiklis_book_96,
  author = 	 {D. P. Bertsekas and J. Tsitsiklis},
  ALTeditor = 	 {},
  title = 	 {Neuro-Dynamic Programming},
  publisher = 	 {Athena Scientific},
  year = 	 {1996},
  OPTkey = 	 {},
  OPTvolume = 	 {},
  OPTnumber = 	 {},
  OPTseries = 	 {},
  OPTaddress = 	 {},
  OPTedition = 	 {},
  OPTmonth = 	 {},
  OPTnote = 	 {},
  OPTannote = 	 {}
}

@InProceedings{perkins_precup_2003,
  author = 	 {T. J. Perkins and D. Precup},
  title = 	 {A Convergent Form of Approximate Policy Iteration},
  OPTcrossref =  {},
  OPTkey = 	 {},
  booktitle = {Advances in Neural Information Processing Systems 15 (NIPS-2002)},
  pages = 	 {1595-1602},
  year = 	 {2002},
  OPTannote = 	 {}
}

@InCollection{sato_kobayashi_2000,
  author = 	 {M. Sato and S. Kobayashi},
  title = 	 {Variance-Penalized Reinforcement Learning for Risk-Averse Asset Allocation},
  booktitle = 	 {Intelligent Data Engineering and Automated Learning -- IDEAL 2000. Data Mining, Financial Engineering and Intelligent Agents},
  OPTcrossref =  {},
  OPTkey = 	 {},
  pages = 	 {333-364},
  OPTpublisher = {},
  year = 	 {2000},
  OPTeditor = 	 {},
  volume = 	 {1983},
  OPTnumber = 	 {},
  series = 	 {Lecture Notes in Computer Science},
  OPTtype = 	 {},
  OPTchapter = 	 {},
  OPTaddress = 	 {},
  OPTedition = 	 {},
  OPTmonth = 	 {},
  OPTnote = 	 {},
  OPTannote = 	 {}
}

@InCollection{marcus_et_al_97,
  author = 	 {S. I. Marcus and E. Fernandez-Gaucherand and D. Hernandez-Hernandez and S. Coraluppi and P. Fard},
  title = 	 {Risk sensitive Markov decision processes},
  booktitle = 	 {Progress in Systems and Control Theory},
  OPTcrossref =  {},
  OPTkey = 	 {},
  pages = 	 {263-280},
  OPTpublisher = {},
  year = 	 {1997},
}

@Article{howard_metheson_72,
  author = 	 {R. A. Howard and J. E. Matheson},
  title = 	 {Risk-sensitive Markov decision processes},
  journal = 	 {Management Science},
  year = 	 {1972},
  OPTkey = 	 {},
  volume = 	 {18},
  number = 	 {7},
  pages = 	 {356-369},
  OPTmonth = 	 {},
  OPTnote = 	 {},
  OPTannote = 	 {}
}

@Article{lagoudakis_parr_2003,
  author = 	 {M. G. Lagoudakis and R. Parr},
  title = 	 {Least-squares policy iteration},
  journal = 	 {Journal of Machine Learning Research},
  year = 	 {2003},
  OPTkey = 	 {},
  volume = 	 {4},
  OPTnumber = 	 {},
  pages = 	 {1107-1149},
  OPTmonth = 	 {},
  OPTnote = 	 {},
  OPTannote = 	 {}
}

@PhdThesis{vanRoy_98,
  author = 	 {B. Van Roy},
  OPTauthor = 	 {Benjamin Van Roy},
  title = 	 {Learning and value function approximation in complex decision processes},
  school = 	 {Massachusetts Institute of Technology},
  year = 	 {1998},
  OPTkey = 	 {},
  OPTtype = 	 {},
  OPTaddress = 	 {},
  OPTmonth = 	 {},
  OPTnote = 	 {},
  OPTannote = 	 {}
}

@InProceedings{koller_parr_2000,
  author = 	 {D. Koller and R. Parr},
  OPTauthor = 	 {Daphne Koller and Ronald Parr},
  title = 	 {Policy Iteration for Factored MDPs},
  OPTcrossref =  {},
  OPTkey = 	 {},
  booktitle = {Proceedings of the 16th Annual Conference on uncertainty in Artificial Intelligence (UAI-00)},
  pages = 	 {326-334},
  year = 	 {2000},
  OPTannote = 	 {}
}

@InProceedings{sugiyama_et_al_2009,
  author = 	 {M. Sugiyama and H. Hachiya and H. Kushima and T. Morimura},
  OPTauthor = 	 {Masashi Sugiyama and Hirotaka Hachiya and Hasashi Kushima and Tetsuro Morimura},
  title = 	 {Least absolute policy iteration for robust value function approximation},
  OPTcrossref =  {},
  OPTkey = 	 {},
  booktitle = {Proceedings of the IEEE International Conference on Robotics and Automation (ICRA)},
  OPTpages = 	 {},
  year = 	 {2009},
  OPTannote = 	 {}
}

@Book{cover_thomas_IT_book_91,
  author = 	 {T. M. Cover and J. A. Thomas},
  ALTeditor = 	 {},
  title = 	 {Elements of Information Theory},
  publisher = 	 {John Wiley},
  year = 	 {1991},
  OPTannote = 	 {}
}

@Article{argal_etal_2009,
  author = 	 {B. Argall and S. Chernova and M. Veloso and B. Browning},
  OPTauthor = 	 {Brenna Argall and Sonia Chernova and Manuela Veloso and Brett Browning},
  title = 	 {A survey of robot learning from demonstration},
  journal = 	 {Robotics and Autonomous Systems},
  year = 	 {2009},
  OPTkey = 	 {},
  volume = 	 {57},
  OPTnumber = 	 {},
 pages = 	 {469-483},
  OPTmonth = 	 {},
  OPTnote = 	 {},
}

@Book{puterman_book_94,
  author =       {M. L. Puterman},
  OPTauthor =       {Martin L. Puterman},
  title =        {{M}arkov Decision Processes},
  publisher =    {Wiley-Interscience Publication},
  year =         {1994},
  series =       {Wiley Series in Probability and Mathematical Statistics: Applied Probability and Statistics Section},
  address =      {New York},
}

@PhdThesis{taylor_PhD_2008,
  author = 	 {M. E. Taylor},
  OPTauthor = 	 {Matthew E. Taylor},
  title = 	 {Autonomous Inter-Task Transfer in Reinforcement Learning Domains},
  school = 	 {Department of Compter Sciences, The University of Texas as Austin},
  year = 	 {2008},
  OPTkey = 	 {},
  OPTtype = 	 {},
  OPTaddress = 	 {},
  OPTmonth = 	 {},
  OPTnote = 	 {},
  OPTannote = 	 {}
}

@Article{taylor_stone_2009,
  author = 	 {M. E. Taylor and P. Stone},
  OPTauthor = 	 {Matthew E. Taylor and Peter Stone},
  title = 	 {Transfer Learning for Reinforcement Learning Domains: A Survey},
  journal = 	 {Journal of Machine Learning Research},
  year = 	 {2009},
  OPTkey = 	 {},
  OPTvolume = 	 {},
  OPTnumber = 	 {},
  OPTpages = 	 {},
  OPTmonth = 	 {},
  note = 	 {submitted},
  OPTannote = 	 {}
}

@Article{rached_alajaji_campbell_2004,
  author = 	 {Z. Rached and F. Alajaji and L. L. Campbell},
  OPTauthor = 	 {Ziad Rached and Fady Alajaji and L. Lorne Campbell},
  title = 	 {The Kullback-Leibler Divergence Rate Between {Markov} Sources},
  journal = 	 {IEEE Transactions on Information Theory},
  year = 	 {2004},
  OPTkey = 	 {},
  volume = 	 {50},
  number = 	 {5},
  pages = 	 {917-921},
  month = 	 {May},
  OPTnote = 	 {},
  OPTannote = 	 {}
}

@InProceedings{fleming_hernandez-hernandez_CDC_97,
  author = 	 {W. H. Fleming and D. Hernandez-Hernandez},
  title = 	 {Risk sensitive control of finite state machines on an infinite horizon I},
  OPTcrossref =  {},
  OPTkey = 	 {},
  booktitle = {Proceedings of the 36th Conference on Decision and Control (CDC)},
  pages = 	 {3407-3412},
  year = 	 {1997},
  OPTnote = 	 {},
  OPTannote = 	 {}
}

@Article{todorov_2009_framework_sup,
  author = 	 {E. Todorov},
  OPTauthor = 	 {Emanuel Todorov},
  title = 	 {Efficient computation of optimal actions (supplementary)},
  journal = 	 {PNAS},
  year = 	 {2009},
  OPTkey = 	 {},
  OPTvolume = 	 {},
  OPTnumber = 	 {},
  OPTpages = 	 {},
  OPTmonth = 	 {},
  note = 	 {to appear},
  OPTannote = 	 {}
}

@Article{todorov_2009_framework,
  author = 	 {E. Todorov},
  OPTauthor = 	 {Emanuel Todorov},
  title = 	 {Efficient computation of optimal actions},
  journal = 	 {PNAS},
  year = 	 {2009},
  OPTkey = 	 {},
  OPTvolume = 	 {},
  OPTnumber = 	 {},
  OPTpages = 	 {},
  OPTmonth = 	 {},
  note = 	 {to appear},
  OPTannote = 	 {}
}

@InProceedings{ng_russell_2000,
  author = 	 {A. Y. Ng and S. Russell},
  title = 	 {Algorithms for inverse reinforcement learning},
  OPTcrossref =  {},
  OPTkey = 	 {},
  booktitle = {Proceedings of the 17th International Conference on Machine Learning (ICML)},
  pages = 	 {663-670},
  year = 	 {2000},
}

@InProceedings{zhang_parkes_2008,
  author = 	 {H. Zhang and D. C. Parkes},
  title = 	 {Value-based policy teaching with active indirect elicitation},
  OPTcrossref =  {},
  OPTkey = 	 {},
  booktitle = {Proceedings of the 23rd National Conference on Artificial Intelligence (AAAI)},
  OPTpages = 	 {},
  year = 	 {2008},
}

@InProceedings{zhang_parkes_2009_ed,
  author = 	 {H. Zhang and D. C. Parkes},
  title = 	 {Enabling environment design via active indirect elicitation},
  OPTcrossref =  {},
  OPTkey = 	 {},
  booktitle = {Proceedings of the Workshop on Preference Handling},
  OPTpages = 	 {},
  year = 	 {2008},
}

@InProceedings{dufton_larson_2009,
  author = 	 {L. Dufton and K. Larson},
  OPTauthor = 	 {Lachlan Dufton and Kate Larson},
  title = 	 {Multiagent policy teaching},
  OPTcrossref =  {},
  OPTkey = 	 {},
  booktitle = {Proceedings of the 2nd International Workshop on Optimisation in Multiagent Systems (OPTMAS) },
  OPTpages = 	 {},
  year = 	 {2009},
}

@InProceedings{banerjee_peng_2005,
  author = 	 {B. Banerjee and J. Peng},
  OPTauthor = 	 {Bikramjit Banerjee and Jing Peng},
  title = 	 {Efficient learning of multi-step best response},
  OPTcrossref =  {},
  OPTkey = 	 {},
  booktitle = {Proceedings of the 4th International Joint Conference on Autonomous Agents and Multiagent Systems (AAMAS)},
  OPTpages = 	 {},
  year = 	 {2005},
}


@InProceedings{Zhang09:Policy,
author = {H. Zhang and D. Parkes and Y. Chen},
OPTauthor = {Haoqi Zhang and David Parkes and Yiling Chen},
title = {Policy Teaching Through Reward Function Learning},
booktitle = {Proceedings of the {ACM} Conference on Electronic Commerce 2009},
pages = {295--3014},
year = {2009}
}

@InProceedings{Zhang09:General,
author = {H. Zhang and Y. Chen and D. Parkes},
OPTauthor = {Haoqi Zhang and Yiling Chen and David Parkes},
title = {A General Approach to Environment Design for One Agent},
booktitle={Proceedings of the Twenty-first International Joint Conference on Artificial Intelligence (IJCAI 2009) },
pages = {2002--2008},
year = {2009}
}