
@InProceedings{zinkevich_greenwald_littman_2005,
  author = 	 {M. Zinkevich and A. R. Greenwald and M. L. Littman},
  title = 	 {Cyclic equilibria in {Markov} games},
  OPTcrossref =  {},
  OPTkey = 	 {},
  booktitle = {Advances in Neural Information Processing (NIPS) 18},
  OPTpages = 	 {},
  year = 	 {2005},
  OPTeditor = 	 {},
  OPTvolume = 	 {},
  OPTnumber = 	 {},
  OPTseries = 	 {},
  OPTaddress = 	 {},
  OPTmonth = 	 {},
  OPTorganization = {},
  OPTpublisher = {},
  OPTnote = 	 {},
  OPTannote = 	 {}
}

@InProceedings{Zhang09:General,
author = {H. Zhang and Y. Chen and D. Parkes},
OPTauthor = {Haoqi Zhang and Yiling Chen and David Parkes},
title = {A General Approach to Environment Design for One Agent},
booktitle={Proceedings of IJCAI},
pages = {2002--2008},
year = {2009}
}

@InProceedings{zhang_parkes_2009_ed,
  author =       {H. Zhang and D. C. Parkes},
  title =        {Enabling environment design via active indirect elicitation},
  OPTcrossref =  {},
  OPTkey =       {},
  booktitle = {Proceedings of the Workshop on Preference Handling},
  OPTpages =     {},
  year =         {2008},
}

@Article{kuleshov_precup_2010,
  author = 	 {V. Kuleshov and D. Precup},
  title = 	 {Algorithms for the multi-armed bandit problem},
  journal = 	 {Journal of Machine Learning},
  year = 	 {2010},
  OPTkey = 	 {},
  OPTvolume = 	 {},
  OPTnumber = 	 {},
  OPTpages = 	 {},
  OPTmonth = 	 {},
  OPTnote = 	 {},
  OPTannote = 	 {}
}

@Book{stengel_94_book,
  author =       {Robert F. Stengel},
  title =        {Optimal Control and Estimation},
  publisher =    {Dover},
  year =         {1994}
}

@article{gittins79,
    author = {Gittins, J. C.},
    journal = {Journal of the Royal Statistical Society. Series B (Methodological)},
    number = {2},
    pages = {148--177},
    priority = {2},
    title = {Bandit Processes and Dynamic Allocation Indices},
    volume = {41},
    year = {1979}
}

@Article{julier_uhlmann_2004,
  author = 	 {S. J. Julier and J. K. Uhlmann},
  title = 	 {Unscented filtering and nonlinear estimation},
  journal = 	 {Proceedings of the IEEE},
  year = 	 {2004},
  OPTkey = 	 {},
  volume = 	 {92},
  number = 	 {3},
  pages = 	 {401-422},
  OPTmonth = 	 {},
  OPTnote = 	 {},
  OPTannote = 	 {}
}

@InProceedings{arkg_2011_aaai,
  author =       {A. Azaria and Z. Rabinovich and S. Kraus and C. V. Goldman},
  title =        {Strategic Information Disclosure to People with Multiple Alternatives},
  OPTcrossref =  {},
  OPTkey =       {},
  booktitle = {Proceedings of the 25th AAAI},
  pages =        {594-600},
  year =         {2011},
  OPTnote =      {to appear},
  OPTannote =    {}
}

@Article{rayo_segal_2010,
  author =       {L. Rayo and I. Segal},
  title =        {Optimal Information Disclosure},
  journal =      {Journal of Political Economy},
  year =         {2010},
  OPTkey =       {},
  volume =       {118},
  number =       {5},
  pages =        {949-987},
  OPTmonth =     {},
  OPTannote =    {}
}

@Book{cesa-bianchi_lugosi_2006_book,
  author = 	 {Nicolo Cesa-Bianchi and Gabor Lugosi},
  ALTeditor = 	 {},
  title = 	 {Prediction, learning, and games},
  publisher = 	 {Cambridge University Press},
  year = 	 {2006},
  OPTkey = 	 {},
  OPTvolume = 	 {},
  OPTnumber = 	 {},
  OPTseries = 	 {},
  OPTaddress = 	 {},
  OPTedition = 	 {},
  OPTmonth = 	 {},
  OPTnote = 	 {},
  OPTannote = 	 {}
}

@TechReport{kamenica_gentzkow_2010,
  author =       {E. Kamenica and M. Gentzkow},
  title =        {Bayesian persuasion},
  institution =  {University of Chicago},
  year =         {2010},
  OPTkey =       {},
  OPTtype =      {},
  OPTnumber =    {},
  OPTaddress =   {},
  OPTmonth =     {},
  note =         {under review},
  OPTannote =    {}
}

@Article{Chorus2006b,
  author =       {C. G. Chorus and E. J. Molin and B. van Wee},
  title =        {Travel information as an instrument to change car drivers travel choices: a literature review},
  journal =      {EJTIR},
  year =         {2006},
  OPTkey =       {},
  volume =       {6},
  number =       {4},
  pages =        {335-364},
  OPTmonth =     {},
  OPTnote =      {},
  OPTannote =    {}
}

@InProceedings{mouaddib_etal_2010,
  author = 	 {A.-I. Mouaddib and S. Zilberstein and A. Beynier and L. Jeanpierre},
  title = 	 {A decision-theoretic approach to cooperative control and adjustable autonomy},
  OPTcrossref =  {},
  OPTkey = 	 {},
  booktitle = {Proceedgins of the ECAI},
  pages = 	 {971-972},
  year = 	 {2010},
  OPTnote = 	 {},
  OPTannote = 	 {}
}

@inproceedings{Schurr09a,
author    = {N. Schurr and J. Marecki and M. Tambe},
title     = {Improving Adjustable Autonomy Strategies for Time-Critical Domains},
booktitle = {Proceedings of AAMAS},
year = {2009},
}

@InProceedings{sofman_bagnell_stentz_2009,
  author = 	 {B. Sofman and J. A. Bagnell and A. Stentz},
  title = 	 {Bandit-based online candidate selection for adjustable autonomy},
  OPTcrossref =  {},
  OPTkey = 	 {},
  booktitle = {Proceedings of the 7th International Conference on Field and Service Robotics},
  pages = 	 {239-248},
  year = 	 {2010},
  OPTeditor = 	 {},
  volume = 	 {62},
  OPTnumber = 	 {},
  series = 	 {Springer Tracts in Advanced Robotics (STAR)},
  OPTaddress = 	 {},
  OPTmonth = 	 {},
  OPTorganization = {},
  OPTpublisher = {},
  OPTnote = 	 {},
  OPTannote = 	 {}
}

@Book{RS_handbook_2011,
  ALTauthor =    {},
  editor =       {F. Ricci and L. Rokach and B. Shapira and P. B. Kantor},
  title =        {Recommender Systems Handbook},
  publisher =    {Springer},
  year =         {2011},
  OPTnote =      {},
  OPTannote =    {}
}

@Article{thanasis_etal,
  author = 	 {A. Papakonstantinou and A. Rogers and E. Gerding and N. R. Jennings},
  title = 	 {Mechanism design for the truthful elicitation of costly probabilistic estimates in distributed information systems},
  journal = 	 {Artificial Intelligence},
  year = 	 {2011},
  OPTkey = 	 {},
  volume = 	 {175},
  number = 	 {2},
  pages = 	 {648-672},
  OPTmonth = 	 {},
  OPTnote = 	 {},
  OPTannote = 	 {}
}

@Article{zohar_rosenchein_2008,
  author = 	 {A. Zohar and J. S. Rosenschein},
  title = 	 {Mechanisms for information elicitation},
  journal = 	 {Artificial Intelligence},
  year = 	 {2008},
  OPTkey = 	 {},
  volume = 	 {172},
  number = 	 {16-17},
  pages = 	 {1917-1939},
  OPTmonth = 	 {},
  OPTnote = 	 {},
  OPTannote = 	 {}
}

@InProceedings{arkgg_2012,
  author =       {A. Azaria and Z. Rabinovich and S. Kraus and C. Goldman and Y. Gal},
  title =        {Strategic Advice Provision in Repeated Human-Agent Interactions},
  OPTcrossref =  {},
  OPTkey =       {},
  booktitle = {Proceedings of the 26th AAAI Conference on Artificial Intelligence (AAAI)},
  OPTpages =     {},
  year =         {2012},
  OPTeditor =    {},
  OPTvolume =    {},
  OPTnumber =    {},
  OPTseries =    {},
  OPTaddress =   {},
  OPTmonth =     {},
  OPTorganization = {},
  OPTpublisher = {},
  note =         {to appear},
  OPTannote = 	 {}
}

@InProceedings{chen_etal_2011,
  author = 	 {Yiling Chen and Jerry Kung and David C. Parkes and Ariel D. Procaccia and Haoqi Zhang},
  title = 	 {Incentive design for adaptive agents},
  OPTcrossref =  {},
  OPTkey = 	 {},
  booktitle = {Proceedings of the AAMAS},
  pages = 	 {627-632},
  year = 	 {2011},
  OPTnote = 	 {},
  OPTannote = 	 {}
}

@InProceedings{barrett_stone_2011,
  author = 	 {S. Barrett and P. Stone},
  title = 	 {Ad-hoc teamwork modeled with multi-armed bandits: An extension to dicounted infinite rewards},
  OPTcrossref =  {},
  OPTkey = 	 {},
  booktitle = {Proceedings the AAMAS - ALA Workshop},
  OPTpages = 	 {},
  year = 	 {2011},
  OPTnote = 	 {},
  OPTannote = 	 {}
}

@InProceedings{stone_kraus_2010,
  author = 	 {P. Stone and Sarit Kraus},
  title = 	 {To Teach or not to Teach? Decision making under uncertainty in ad-hoc teams},
  OPTcrossref =  {},
  OPTkey = 	 {},
  booktitle = {Proceedings of the AAMAS},
  OPTpages = 	 {},
  year = 	 {2010},
  OPTnote = 	 {},
  OPTannote = 	 {}
}

@InProceedings{rdlj_2010_aamas,
  author =       {Z. Rabinovich and L. Dufton and K. Larson and N. R. Jennings},
  title =        {Cultivating Desired Behaviour: Policy Teaching Via Environment-Dynamics Tweaks},
  OPTcrossref =  {},
  OPTkey =       {},
  booktitle = {Proceedings of the AAMAS},
  pages =        {1097-1104},
  year =         {2010},
  OPTeditor =    {},
  OPTvolume =    {},
  OPTnumber =    {},
  OPTseries =    {},
  OPTaddress =   {},
  OPTmonth =     {},
  OPTorganization = {},
  OPTpublisher = {},
  OPTnote =      {},
  OPTannote =    {}
}
