
@InProceedings{vidyasagar_2007,
  author = 	 {M. Vidyasagar},
  title = 	 {Bounds on the {Kullback-Leibler} divergence rate between hidden {Markov} models},
  OPTcrossref =  {},
  OPTkey = 	 {},
  booktitle = {Proceedings of the 46th IEEE Conference on Decision and Control},
  OPTpages = 	 {6160-6165},
  year = 	 {2007},
  OPTnote = 	 {},
  OPTannote = 	 {}
}

@InProceedings{vidyasagar_2010,
  author = 	 {M. Vidyasagar},
  title = 	 {{Kullback-Leibler} divergence rate between probability distributions on sets of different cardinalities},
  OPTcrossref =  {},
  OPTkey = 	 {},
  booktitle = {Proceedings of the 49th IEEE Conference on Decision and Control (CDC)},
  pages = 	 {948-953},
  year = 	 {2010},
  OPTnote = 	 {},
  OPTannote = 	 {}
}

@InProceedings{zuk_2006,
  author = 	 {Or Zuk},
  title = 	 {The relative entropy rate for two hidden {Markov} processes},
  OPTcrossref =  {},
  OPTkey = 	 {},
  booktitle = {Proceedings of Turbo-Coding},
  OPTpages = 	 {},
  year = 	 {2006},
  OPTnote = 	 {},
  OPTannote = 	 {}
}

@Article{do_2003,
  author = 	 {Minh N. Do},
  title = 	 {Fast approximation of {Kullback-Leibler} distance for dependence trees and hidden {Markov} models},
  journal = 	 {IEEE Signal Processing Letters},
  year = 	 {2003},
  OPTkey = 	 {},
  volume = 	 {10},
  number = 	 {4},
  pages = 	 {115-118},
  OPTmonth = 	 {},
  OPTnote = 	 {},
  OPTannote = 	 {}
}

@Article{shields_93,
  author = 	 {Paul C. Shields},
  title = 	 {Two divergence-rate counterexamples},
  journal = 	 {Journal of Theoretical Probability},
  year = 	 {1993},
  OPTkey = 	 {},
  volume = 	 {6},
  number = 	 {3},
  pages = 	 {521-245},
  OPTmonth = 	 {},
  OPTnote = 	 {},
  OPTannote = 	 {}
}

@InProceedings{nederhof_satta_2004,
  author = 	 {Mark-Jan Nederhof and Giorgio Satta},
  title = 	 {Kullback-Leibler distance between probabilistic context-free grammars and probabilistic finite automata},
  OPTcrossref =  {},
  OPTkey = 	 {},
  booktitle = {Proceedings of the 20th international conference on Computational Linguistics (COLING)},
  pages = 	 {71-77},
  year = 	 {2004},
}

@Article{rached_alajaji_campbell_2001,
  author = 	 {Ziad Rached and Fady Alajaji and L. Lorne Campbell},
  title = 	 {Renyi's divergence and entropy rates for finite alphabet {Markov} sources},
  journal = 	 {IEEE Transactions on Information Theory},
  year = 	 {2001},
  OPTkey = 	 {},
  volume = 	 {47},
  number = 	 {4},
  pages = 	 {1553-1561},
  OPTmonth = 	 {},
  OPTnote = 	 {},
  OPTannote = 	 {}
}

@Article{sun_mehta_2010,
  author = 	 {Yu Sun and P. G. Mehta},
  title = 	 {The {Kullback-Leibler} rate pseudo-metric for comparing dynamical systems},
  journal = 	 {IEEE Transactionson Automatic Control},
  year = 	 {2010},
  OPTkey = 	 {},
  volume = 	 {55},
  number = 	 {7},
  pages = 	 {1585-1598},
  OPTmonth = 	 {},
  OPTnote = 	 {},
  OPTannote = 	 {}
}

