
@Article{argal_etal_2009,
  author = 	 {Brenna Argall and Sonia Chernova and Manuela Veloso and Brett Browning},
  title = 	 {A survey of robot learning from demonstration},
  journal = 	 {Robotics and Autonomous Systems},
  year = 	 {2009},
  OPTkey = 	 {},
  OPTvolume = 	 {},
  OPTnumber = 	 {},
  OPTpages = 	 {},
  OPTmonth = 	 {},
  OPTnote = 	 {},
  annote = 	 {to appear}
}

@Book{puterman_book_94,
  author =       {Martin L. Puterman},
  title =        {{M}arkov Decision Processes},
  publisher =    {Wiley-Interscience Publication},
  year =         {1994},
  series =       {Wiley Series in Probability and Mathematical Statistics: Applied Probability and Statistics Section},
  address =      {New York},
}

@PhdThesis{taylor_PhD_2008,
  author = 	 {Matthew E. Taylor},
  title = 	 {Autonomous Inter-Task Transfer in Reinforcement Learning Domains},
  school = 	 {Department of Compter Sciences, The University of Texas as Austin},
  year = 	 {2008},
  OPTkey = 	 {},
  OPTtype = 	 {},
  OPTaddress = 	 {},
  OPTmonth = 	 {},
  OPTnote = 	 {},
  OPTannote = 	 {}
}

@Article{taylor_stone_2009,
  author = 	 {Matthew E. Taylor and Peter Stone},
  title = 	 {Transfer Learning for Reinforcement Learning Domains: A Survey},
  journal = 	 {Journal of Machine Learning Research},
  year = 	 {2009},
  OPTkey = 	 {},
  OPTvolume = 	 {},
  OPTnumber = 	 {},
  OPTpages = 	 {},
  OPTmonth = 	 {},
  note = 	 {submitted},
  OPTannote = 	 {}
}

@Article{rached_alajaji_campbell_2004,
  author = 	 {Ziad Rached and Fady Alajaji and L. Lorne Campbell},
  title = 	 {The Kullback-Leibler Divergence Rate Between {Markov} Sources},
  journal = 	 {IEEE Transactions on Information Theory},
  year = 	 {2004},
  OPTkey = 	 {},
  volume = 	 {50},
  number = 	 {5},
  pages = 	 {917-921},
  month = 	 {May},
  OPTnote = 	 {},
  OPTannote = 	 {}
}

@InProceedings{fleming_hernandez-hernandez_CDC_97,
  author = 	 {W. H. Fleming and D. Hernandez-Hernandez},
  title = 	 {Risk sensitive control of finite state machines on an infinite horizon I},
  OPTcrossref =  {},
  OPTkey = 	 {},
  booktitle = {Proceedings of the 36th Conference on Decision and Control (CDC)},
  pages = 	 {3407-3412},
  year = 	 {1997},
  OPTnote = 	 {},
  OPTannote = 	 {}
}

@Article{todorov_2009_framework_sup,
  author = 	 {Emanuel Todorov},
  title = 	 {Efficient computation of optimal actions (supplementary)},
  journal = 	 {PNAS},
  year = 	 {2009},
  OPTkey = 	 {},
  OPTvolume = 	 {},
  OPTnumber = 	 {},
  OPTpages = 	 {},
  OPTmonth = 	 {},
  note = 	 {to appear},
  OPTannote = 	 {}
}

@Article{todorov_2009_framework,
  author = 	 {Emanuel Todorov},
  title = 	 {Efficient computation of optimal actions},
  journal = 	 {PNAS},
  year = 	 {2009},
  OPTkey = 	 {},
  OPTvolume = 	 {},
  OPTnumber = 	 {},
  OPTpages = 	 {},
  OPTmonth = 	 {},
  note = 	 {to appear},
  OPTannote = 	 {}
}

@InProceedings{ng_russell_2000,
  author = 	 {A. Y. Ng and S. Russell},
  title = 	 {Algorithms for inverse reinforcement learning},
  OPTcrossref =  {},
  OPTkey = 	 {},
  booktitle = {Proceedings of the 17th International Conference on Machine Learning (ICML)},
  pages = 	 {663-670},
  year = 	 {2000},
}

@InProceedings{zhang_parkes_2008,
  author = 	 {H. Zhang and D. C. Parkes},
  title = 	 {Value-based policy teaching with active indirect elicitation},
  OPTcrossref =  {},
  OPTkey = 	 {},
  booktitle = {Proceedings of the 23rd National Conference on Artificial Intelligence (AAAI)},
  OPTpages = 	 {},
  year = 	 {2008},
}

@InProceedings{zhang_parkes_2009_ed,
  author = 	 {H. Zhang and D. C. Parkes},
  title = 	 {Enabling environment design via active indirect elicitation},
  OPTcrossref =  {},
  OPTkey = 	 {},
  booktitle = {Proceedings of the Workshop on Preference Handling},
  OPTpages = 	 {},
  year = 	 {2008},
}

@InProceedings{dufton_larson_2009,
  author = 	 {Lachlan Dufton and Kate Larson},
  title = 	 {Multiagent policy teaching},
  OPTcrossref =  {},
  OPTkey = 	 {},
  booktitle = {Proceedings of the 2nd International Workshop on Optimisation in Multiagent Systems (OPTMAS) },
  OPTpages = 	 {},
  year = 	 {2009},
}

@InProceedings{banerjee_peng_2005,
  author = 	 {Bikramjit Banerjee and Jing Peng},
  title = 	 {Efficient learning of multi-step best response},
  OPTcrossref =  {},
  OPTkey = 	 {},
  booktitle = {Proceedings of the 4th International Joint Conference on Autonomous Agents and Multiagent Systems (AAMAS)},
  OPTpages = 	 {},
  year = 	 {2005},
}


@InProceedings{Zhang09:Policy,
author = {Haoqi Zhang and David Parkes and Yiling Chen},
title = {Policy Teaching Through Reward Function Learning},
booktitle = {Proceedings of the {ACM} Conference on Electronic Commerce 2009},
pages = {295--3014},
year = {2009}
}

@InProceedings{Zhang09:General,
author = {Haoqi Zhang and Yiling Chen and David Parkes},
title = {A General Approach to Environment Design for One Agent},
booktitle={Proceedings of the Twenty-first International Joint Conference on Artificial Intelligence (IJCAI 2009) },
pages = {2002--2008},
year = {2009}
}